@book{gershenfeld1999nature,
  title={The Nature of Mathematical Modeling},
  author={Gershenfeld, N.},
  isbn={9780521570954},
  lccn={98022029},
  url={http://books.google.ie/books?id=lSTOh8U7NkkC},
  year={1999},
  publisher={Cambridge University Press}
}

@ONLINE{rep,
author = {Tim Hutton},
title = {Von Neumann's Self-Reproducing Universal Constructor},
month = dec,
year = {2014},
howpublished = "\url{http://www.sq3.org.uk/wiki.pl?Von_Neumann%27s_Self-Reproducing_Universal_Constructor}"
}